<?xml version="1.0" encoding="UTF-8"?><record xmlns="http://www.loc.gov/MARC21/slim" xmlns:cinclude="http://apache.org/cocoon/include/1.0" xmlns:zs="http://www.loc.gov/zing/srw/">
  <leader>00962cz  a2200193n  4500</leader>
  <controlfield tag="001">n  91042111 </controlfield>
  <controlfield tag="003">DLC</controlfield>
  <controlfield tag="005">20130314085737.0</controlfield>
  <controlfield tag="008">910429n| azannaab           |a ana      </controlfield>
  <datafield tag="010" ind1=" " ind2=" ">
    <subfield code="a">n  91042111 </subfield>
  </datafield>
  <datafield tag="035" ind1=" " ind2=" ">
    <subfield code="a">(OCoLC)oca02937961</subfield>
  </datafield>
  <datafield tag="040" ind1=" " ind2=" ">
    <subfield code="a">DLC</subfield>
    <subfield code="b">eng</subfield>
    <subfield code="e">rda</subfield>
    <subfield code="c">DLC</subfield>
    <subfield code="d">DJBF</subfield>
    <subfield code="d">DLC</subfield>
  </datafield>
  <datafield tag="110" ind1="2" ind2=" ">
    <subfield code="a">International Monetary Fund.</subfield>
    <subfield code="b">Statistics Department</subfield>
  </datafield>
  <datafield tag="410" ind1="2" ind2=" ">
    <subfield code="a">International Monetary Fund.</subfield>
    <subfield code="b">Statisticheskoe upravlenie</subfield>
  </datafield>
  <datafield tag="410" ind1="2" ind2=" ">
    <subfield code="w">nnea</subfield>
    <subfield code="a">International Monetary Fund.</subfield>
    <subfield code="b">Statistics Dept.</subfield>
  </datafield>
  <datafield tag="510" ind1="2" ind2=" ">
    <subfield code="w">a</subfield>
    <subfield code="a">International Monetary Fund.</subfield>
    <subfield code="b">Bureau of Statistics</subfield>
  </datafield>
  <datafield tag="510" ind1="2" ind2=" ">
    <subfield code="w">r</subfield>
    <subfield code="i">Hierarchical superior:</subfield>
    <subfield code="a">International Monetary Fund</subfield>
  </datafield>
  <datafield tag="670" ind1=" " ind2=" ">
    <subfield code="a">The IMF's statistical systems ... 1991:</subfield>
    <subfield code="b">CIP t.p. (Statistics Department; International Monetary Fund) front matter (Bureau of Statistics became the Statistics Department, May 1, 1991)</subfield>
  </datafield>
  <datafield tag="670" ind1=" " ind2=" ">
    <subfield code="a">Rukovodstvo po statistike gosudarstvennykh finansov, 1996:</subfield>
    <subfield code="b">t.p. (Mezhdunarodnyĭ vali︠u︡tnyĭ fond, Statisticheskoe upravlenie)</subfield>
  </datafield>
</record>